<mx:record xmlns="http://www.w3.org/TR/xhtml1/strict" xmlns:mx="http://www.loc.gov/MARC21/slim" xmlns:xsi="http://www.w3.org/2001/XMLSchema-instance"><mx:leader>00000nz   2200000n  0000</mx:leader><mx:controlfield tag="001">oca02957491 </mx:controlfield><mx:controlfield tag="005">19910531054704.2</mx:controlfield><mx:controlfield tag="008">910528n| acannaab|          |a aaa     c</mx:controlfield><mx:datafield ind1=" " ind2=" " tag="010"><mx:subfield code="a">no 91013589</mx:subfield></mx:datafield><mx:datafield ind1=" " ind2=" " tag="040"><mx:subfield code="a">InU</mx:subfield><mx:subfield code="c">InU</mx:subfield></mx:datafield><mx:datafield ind1="0" ind2=" " tag="100"><mx:subfield code="a">Adrianus,</mx:subfield><mx:subfield code="c">of Tyre,</mx:subfield><mx:subfield code="d">ca. 113-ca. 193</mx:subfield></mx:datafield><mx:datafield ind1="0" ind2=" " tag="400"><mx:subfield code="a">Adrianus,</mx:subfield><mx:subfield code="c">Tyrius,</mx:subfield><mx:subfield code="d">ca. 113-ca. 193</mx:subfield></mx:datafield><mx:datafield ind1="0" ind2=" " tag="400"><mx:subfield code="a">Hadrianos,</mx:subfield><mx:subfield code="d">ca. 113-ca. 193</mx:subfield></mx:datafield><mx:datafield ind1="1" ind2=" " tag="400"><mx:subfield code="a">Hadrianus, Claudius,</mx:subfield><mx:subfield code="d">ca. 113-ca. 193</mx:subfield></mx:datafield><mx:datafield ind1="0" ind2=" " tag="400"><mx:subfield code="a">Adrian,</mx:subfield><mx:subfield code="c">the Tyrian,</mx:subfield><mx:subfield code="d">ca. 113-ca. 193</mx:subfield></mx:datafield><mx:datafield ind1="0" ind2=" " tag="400"><mx:subfield code="a">Adrianus,</mx:subfield><mx:subfield code="c">Rhetor,</mx:subfield><mx:subfield code="d">ca. 113-ca. 193</mx:subfield></mx:datafield><mx:datafield ind1=" " ind2=" " tag="670"><mx:subfield code="a">De septem mundi miraculis. Libellus de septem orbis spectaculis, 1816:</mx:subfield><mx:subfield code="b">t.p. (...Adriani Tyrii)</mx:subfield></mx:datafield><mx:datafield ind1=" " ind2=" " tag="670"><mx:subfield code="a">Oxford classical dict., 1970</mx:subfield><mx:subfield code="b">(Adrianus, of Tyre; ca. 113-193; sophist)</mx:subfield></mx:datafield><mx:datafield ind1=" " ind2=" " tag="670"><mx:subfield code="a">Kleine Pauly</mx:subfield><mx:subfield code="b">(Hadrianos; full name prob. Claudius Hadrianus; b. prob. 113; d. ca. 193)</mx:subfield></mx:datafield><mx:datafield ind1=" " ind2=" " tag="670"><mx:subfield code="a">Lex. der alten Welt, 1965</mx:subfield><mx:subfield code="b">(Hadrianus, Claudius, von Tyros)</mx:subfield></mx:datafield><mx:datafield ind1=" " ind2=" " tag="670"><mx:subfield code="a">BM cat.</mx:subfield><mx:subfield code="b">(Adrian, the Tyrian; ref. Adrianus, Rhetor)</mx:subfield></mx:datafield><mx:datafield ind1=" " ind2=" " tag="999"><mx:subfield code="a">36</mx:subfield></mx:datafield></mx:record>